@article{Anwar2019,
  title={{Deep Reinforcement Learning for Drones in 3D Realistic Environments}},
  author={Aqueel Anwar},
  journal={Towards Data Science},
  year={2019, October 23},
  URL = {https://towardsdatascience.com/deep-reinforcement-learning-for-drones-in-3d-realistic-environments-36821b6ee077},
}

@article{Araar2016,
title={{Vision Based Autonomous Landing of Multirotor UAV on Moving Platform}},
author={Oualid Araar and Nabil Aouf and Ivan Vitanov  },
journal={ Journal of Intelligent \& Robotic Systems },
volume={85},
pages={369-384},
year={2016},
publisher={Springer Link},
URL = {https://link.springer.com/article/10.1007/s10846-018-0891-8}
}

@article{Carrio2017,
	title={{A Review of Deep Learning Methods and Applications for Unmanned Aerial Vehicles}},
	author={Adrian Carrio and Carlos Sampedro and Alejandro Rodriguez-Ramos and Pascual Campoy1},
	journal={ Journal of Sensors },
	volume={2017},
	year={2017, August 14},
	publisher={Springer Link},
	URL = {https://www.hindawi.com/journals/js/2017/3296874/}
}

@article{Madaan,
	title={{Deep Flight: Autonomous Quadrotor Navigation with Deep Reinforcement Learning
}},
	author={Ratnesh Madaan and Dhruv Mauria Saxena and Rogerio Bonatti and Shohin Mukherjee and Sebastian Scherer},
	journal={ The Robotics Institute, Carnegie Mellon University },
	year={2017},
	URL = {https://www.cs.cmu.edu/~rbonatti/files/rss17.pdf}
}

@article{Pham2018,
	author    = {Huy X. Pham and
	Hung M. La and
	David Feil{-}Seifer and
	Luan Van Nguyen},
	title     = {Autonomous {UAV} Navigation Using Reinforcement Learning},
	journal   = {CoRR},
	volume    = {abs/1801.05086},
	year      = {2018},
	url       = {http://arxiv.org/abs/1801.05086},
	archivePrefix = {arXiv},
	eprint    = {1801.05086},
	timestamp = {Tue, 14 Aug 2018 08:01:33 +0200},
	biburl    = {https://dblp.org/rec/journals/corr/abs-1801-05086.bib},
	bibsource = {dblp computer science bibliography, https://dblp.org}
}

@article{Rodriguez2018,
	title={{A Deep Reinforcement Learning Strategy for UAV Autonomous Landing on a Moving Platform}},
	author={Alejandro Rodriguez-Ramos and Carlos Sampedro and Hriday Bavle and Paloma de la Puente and Pascual Campoy },
	journal={ Journal of Intelligent \& Robotic Systems },
	volume={93},
	pages={351-366},
	year={2018, July 3},
	publisher={Springer Link},
	URL = {https://link.springer.com/article/10.1007/s10846-018-0891-8}
}

@article{Shin2019,
	title={{Obstacle Avoidance Drone by Deep Reinforcement Learning and Its Racing with Human Pilot}},
	author={Sang-Yun Shin and Yong-Won Kang and Yong-Guk Kim },
	journal={ Applied Sciences },
	volume={9},
	pages={24},
	year={2019},
	publisher={MDPI},
	URL = {https://www.mdpi.com/2076-3417/9/24/5571}
}